@book{devlin,
keywords={Module1},
author={K. J. Devlin},
title={The Joy of Sets: The Fundamentals of Contemporary Set Theory},
edition={2},
publisher={Springer-Verlag},
location={New York, NY},
year={1993}
}

@book{halmos,
keywords={Module1},
author = {P. R. Halmos},
title = {Naive Set Theory},
year = {1960},
note = {Reprinted, Springer-Verlag, New York, NY, 1974},
publisher = {D. Van Nostrand Company},
location = {Princeton, New Jersey},
isbn = {0-387-90092-6},
}

@book{lewis,
keywords={Module1},
author = {Clarence Irving Lewis},
title = {A Survey of Symbolic Logic},
year = {1918},
publisher = {University of California Press},
location = {Berkeley},
pages = {157},
}

@article{henderson,
keywords={Module1},
author = {D. W. Henderson},
title = {Venn diagrams for more than four classes},
journaltitle = {American Mathematical Monthly},
year = {1963},
month = {4},
volume = {70},
issue = {4},
pages = {424-426},
eprint = {2311865},
eprinttype = {JSTOR},
}

@book{merill,
keywords={Module1},
author = {M. Merill and R. Tennyson},
title = {Teaching Concepts},
year = {1977},
subtitle = {An instructional guide},
publisher = {Educational Technology Publications},
location = {Englewood Cliffs, New Jersey},
}

% These are the references for the second module

@book{alferez1,
keywords={Module2},
author = {M. S. Alferez and M. C. A. Duro},
title = {MSA Elementary Algebra},
year = {2004},
publisher = {MSA Publishing House},
location = {Quezon City, Philippines},
}

@book{alferez2,
keywords={Module2},
author = {M. S. Alferez and M. C. A. Duro},
title = {MSA Elementary Algebra},
year = {2004},
publisher = {Gerpress Printing},
location = {Quezon City, Philippines},
}

@book{burgos,
keywords={Module2},
author = {C. C. Burgos and N. R. Jaramillo and A. A. Kho and A. L. Padua and H. C. Sagum},
title = {Algebra},
year = {1994},
publisher = {Academe Publishing House},
location = {San Juan, Metro Manila, Philippines},
}

@book{dolciani,
keywords={Module2},
author={M. P. Dolciani and W. Wooton},
year = {1973},
title = {Book 1 Modern Algebra Structure and Method Revised Edition},
location = {Boston},
publisher={Houghton Mifflin Co.},
}

@book{fair,
keywords={Module2,Module5,Module6},
author={J. Fair and S. C. Bragg},
year={1993},
title={Algebra 1},
location = {New Jersey},
publisher={Prentice-Hall, Inc.}
}

@book{goodman,
keywords={Module2},
author={A. Goodman and L. Hirsch},
year={1994},
title={Understanding Elementary Algebra: A Course for College Students},
location={New York},
publisher={West Publishing Co}
}

@book{lial1,
keywords={Module2},
author={M. L. Lial and C. D. Miller},
year={1988},
title={Beginning Algebra},
edition={5},
location={USA},
publisher={Scott, Foresman and Company}
}

@book{lial2,
keywords={Module2,Module5,Module9},
author={M. L. Lial and E. J. Hornsby Jr. and C. D. Miller},
year={1996},
title={Beginning Algebra},
edition={7},
publisher={Harper Collins College Publishers},
location={USA}
}

@book{odell1,
keywords={Module2},
author={I. C. O'dell and H. C. Salac and E. C. de Joya and E. P. Bautista and C. C. Pilar and R. E. C. Namay II},
year={1993},
title={Numlock I},
location={Quezon City, Philippines},
publisher={Trinitas Publishing, Inc.}
}

@book{odell2,
keywords={Module2},
author={I. C. O'dell and H. C. Salac and E. C. de Joya and E. P. Bautista and C. C. Pilar and R. E. C. Namay II},
year={1993},
title={Numlock II},
location={Quezon City, Philippines},
publisher={Trinitas Publishing, Inc.}
}

@book{peters1,
keywords={Module2},
author={M. Peters and W. L. Schaaf},
year={1963},
title={Algebra: A Modern Approach},
location={Canada},
publisher={D. Van Nostrand Company, Inc}
}

@book{peters2,
keywords={Module2},
author={M. Peters and W. L. Schaaf},
year={1965},
title={Algebra: A Modern Approach},
subtitle={Book 2},
location={Canada},
publisher={D. Van Nostrand Company, Inc}
}

@book{vance,
keywords={Module2},
author={E. P. Vance},
year={1984},
title={Modern College Algebra},
location={Philippines},
publisher={Addison-Wesley Publishing Co., Inc}
}

% Chapter 3

@book{chapin,
keywords={Module3},
author={S. Chapin and M. Illingworth and Jumawan and M. S. Landan and J. Masingila and L. McCrackers},
year={1995},
title={Middle Grades Mathematics An Interactive Approach},
publisher={Prentice-Hall},
location={USA}
}

@book{gerardi,
keywords={Module3},
author={W. J. Gerardi and W. L. Jones and T. R. Foster},
year={},
title={Essentials of Mathematics Consumer/Career
Skills},
publisher={Harcourt Brace Jovanovich, Publishers},
location={New York}
}

@book{oronce1,
keywords={Module3},
author={O. A. Oronce and M. O. Mendoza},
year={2003},
title={Exploring Mathematics Intermediate Algebra},
publisher={Rex Book Store, Inc},
location={Manila, Philippines}
}

@book{oronce2,
keywords={Module3},
author={O. A. Oronce and G. M. Santos and M. I. Ona},
year={1999},
title={Mathematics 1},
subtitle={Concepts, Structures and Methods for High School},
publisher={Rex Book Store, Inc},
location={Manila, Philippines}
}

@book{padua,
keywords={Module3},
author={A. L. Padua and R. M. Crisostomo},
year={2003},
title={Practical and Explorational Physics Modular Approach},
publisher={Vibal Publishing House, Inc},
location={Manila, Philippines}
}

@book{smith,
keywords={Module3},
author={Robert D. Smith},
year={1983},
title={Vocational-Technical Mathematics},
publisher={Delmar Publishers Inc},
location={USA}
}

% Module 4

@book{benjamin,
keywords={Module4},
author={A. Benjamin and M. Sherner},
year={2006},
title={Secrets of Mental Math},
publisher={Three Rivers Press},
location={New York}
}

@book{larson,
keywords={Module4},
author={R. Larson and R. Hostetler},
year={2010},
title={Succeeding in algebra and trigonometry},
publisher={rown Madonna Press, Inc},
location={}
}

@book{bittinger,
keywords={Module4},
author={Marvin L. Bittinger},
year={2003},
title={Algebra 1},
publisher={Pearson Education South Asia Pte Ltd},
location={Singapore}
}

@online{integers,
keywords={Module4},
title={Integers and Introduction to Algebra},
url={http://highered.mcgraw-hill.com/sites/dl/free/007287256x/291806/ch02_A.pdf},
urldate={2012-04-07}
}

@online{common,
keywords={Module4},
title={Common Algebra and Trigonometry Mistakes made in Calculus},
url={http://www.matcmp.sunynassau.edu/~cheifp/CalculusMistakes.pdf },
urldate={2012-04-10},
}

@online{dawkins2,
keywords={Module4},
author={P. Dawkins},
title={Common math errors},
url={http://tutorial.math.1lamar.edu/terms.aspx},
urldate={2012-04-10}
}

@online{math,
keywords={Module4},
title={Math path to a successful clast},
url={http://www.uwf.edu/argotutor/Common%20Errors.pdf},
urldate={2012-04-12}
}

@online{short,
keywords={Module4},
title={Mental math with tricks and shortcuts},
url={http://www.loganschools.org/curriculum/mathematics/Mental%20Math.pdf},
urldate={2012-04-12}
}

@thesis{merlin,
keywords={Module4},
author={E. M. Merlin},
year={2008},
title={Beyond GEMDAS},
subtitle={teaching students to perceive algebraic structure},
howpublished={M.A. thesis from University of Maryland}
}

@online{stephens,
keywords={Module4},
author={D. Stephens},
title={Mental Math tricks and more},
url={http://faculty.etsu.edu/stephen/TNADE/mentalmath.pdf},
urldate={2012-04-12}
}

% Module 5

@book{rizaldo,
keywords={Module5},
author={R. Rizaldo and E. Catabijan and E. De Guzman},
year={1978},
title={Math 4},
subtitle={Advanced Algebra},
publisher={Philippine Book Company},
location={Manila}
}

@book{coronel,
keywords={Module5},
author={I. Coronel and P. Manalastas and J. Marasigan and A Coronel},
year={1998},
title={Mathematics 1},
subtitle={An Integrated Approach},
publisher={Bookman, Inc.},
location={Makati}
}

@book{johnson,
keywords={Module5},
author={M Johnson and T Johnson},
year={2002},
title={How to Solve Word Problems in Algebra},
publisher={McGraw Hill},
location={New York}
}

@book{hutchison,
keywords={Module5},
author={D Hutchison and B Bergman and L Hoelze},
year={2004},
title={Elementary and Intermediate Algebra},
subtitle={A Unified Approach},
publisher={McGraw Hill},
location={New York}
}

@book{march,
keywords={Module5},
author={Jason March and Tim Wilson},
title={Math on the Move},
year={},
publisher={BOCES Geneseo Migrant Center},
location={National PASS Center}
}

@online{translating1,
keywords={Module5},
title={Translating Key Words And Phrases Into Algebraic Expressions},
url={http://www.palmbeachstate.edu/documents/Prep_Math_LW/TranslatingKeyWords.pdf},
urldate={2012-04-11}
}

@online{translating2,
keywords={Module5},
title={Translating Algebraic Phrases (B)},
url={http://www.math-drills.com/algebra/algebra_translating_algebraic_phrases_002.pdf},
urldate={2012-04-11}
}

@online{translating3,
keywords={Module5},
title={Translating Algebraic Phrases (E)},
url={http://www.math-drills.com/algebra/algebra_translating_algebraic_phrases_005.pdf},
urldate={2012-04-11}
}

@online{translating4,
keywords={Module5},
title={Translating Simple Mathematical Phrases},
url={http://www.onemathematicalcat.org/algebra_book/online_problems/translate_math_phrases.htm},
urldate={2012-04-11},
}

% Module 6

@book{coronel2,
keywords={Module6},
author={A. C. Coronel and J. A. Marasigan and {P. R., Jr.} Manalastas},
title={Mathematics 2},
subtitle={An Integrated Approach},
publisher={Bookmark, Inc.},
location={Philippines},
year={1998}
}

@online{babylon,
keywords={Module6},
title={First Degree equations and Inequalities in One Variable},
urldate={2012-04-13},
url={www.babylon.k12.ny.us/pdf}
}

@book{oracion,
keywords={Module6},
author={{V. C. III} Oracion and C. C. Oracion},
title={Elementary Algebra},
publisher={Art Angel Printshop},
year={2002},
location={Philippines}
}

@book{smith1,
keywords={Module6},
author={S. A. Smith and R. I. Charles and J. A. Dossey and M. L. Billinger},
title={Algebra with Trigonometry 2},
publisher={Prentice Hall},
location={Singapore},
year={2001}
}

@online{wegener,
keywords={Module6},
author={D. P. Wegener},
title={Linear Equalities and Inequalities},
year={2007},
urldate={2012-04-13},
url={www.drdelmath.com}
}

% Module 7

@online{youtube1,
keywords={Module7},
url={http://www.youtube.com/watch?v=LY5rQvbdouE&feature=relmfu},
urldate={2012-04-12},
}

@online{youtube2,
keywords={Module7},
url={http://www.youtube.com/watch?v=XinlPWMN_xw&feature=relmfu},
urldate={2012-04-12},
}

@online{youtube3,
keywords={Module7},
url={http://repository.nie.edu.sg/jspui/bitstream/10497/73/1/ME-9-1-60.pdf},
urldate={2012-04-09},
}

@online{youtube4,
keywords={Module7},
url={http://w4.nkcsd.k12.mo.us/~rti/RtI%20website/Singapore%20Math.pdf},
urldate={2012-04-09},
}

@online{youtube5,
keywords={Module7},
url={http://math.nie.edu.sg/ame/matheduc/tme/tmeV6_2/05-Yan%20KC%20Final%20version.pdf},
urldate={2012-04-09},
}

@online{youtube6,
keywords={Module7},
url={http://www.greatsource.com/singaporemath/pdf/MIF_Bar_Modeling_Position_Paper.pdf},
urldate={2012-04-09},
}

@book{youtube7,
keywords={Module7},
author={Sin Kwai Meng},
year={2006},
title={Mathematics Matters},
edition={1},
location={Singapore},
publisher={Panpac Education Private Ltd.}
}

% Module 8
@online{poe,
keywords={Module8},
organization={Assessment Resource Bank},
title={Predict-Observe-Explain},
url={http://arb.nzcer.org.nz/strategies/poe.php},
urldate={2012-04-13}
}

@online{4e2,
keywords={Module8},
author={J. C. Marshall and B. Horton and D. Llewellyn},
title={4E + 2 Instructional Model},
url={http://itcenter.clemson.edu/iim/wp-content/uploads/2008/05/4e-x-2-overview-graphic.pdf},
urldate={2012-04-17}
}

@online{7e,
keywords={Module8},
title={7E Learning Cycle in Science},
url={http://secondaryinstruction.com/Science/7E%20Learning%20Cycle%20Examples%20by%20middle%20school%20Nov2011.pdf},
urldate={2012-04-16}
}

@online{abdul,
keywords={Module8},
author={Shamsu Abdul-{A}ziz},
title={Geometry in the Real World},
url={http://teachers.yale.edu/curriculum/search/viewer.php?id=initiative_10.04.01_u#d},
urldate={2012-04-19}
}

@book{bass,
keywords={Module8,Module9},
author={L. E. Bass},
year={1998},
title={Geometry},
subtitle={Tools for a Changing World},
location={Needham, Massachusetts},
publisher={Prentice Hall}
}

@online{bruce,
keywords={Module8},
author={Bertram C. Bruce},
title={Other Definitions of Inquiry-based Learning},
url={http://chipbruce.wordpress.com/resources/inquiry-based-learning/definitions-of-inquiry-based-
learning/},
urldate={2012-04-14}
}

@online{concept,
keywords={Module8},
title={Concept to Classromm},
subtitle={Workshop: Inquiry-Based Learning},
url={http://www.thirteen.org/edonline/concept2class/inquiry/implementation.html},
urldate={2012-04-14}
}

@online{conceptual,
keywords={Module8},
title={Conceptual Change},
url={http://sites.wiki.ubc.ca/etec510/Conceptual_Change},
urldate={2012-04-15}
}

@online{fun,
keywords={Module8},
title={Fun Ways to Split into Groups},
url={http://www.girlscoutsnorcal.org/documents/LE-Fun_Splitters.pdf},
urldate={2012-04-19}
}

@online{ibgeom,
keywords={Module8},
title={Inquiry-Based Lessons in Geometry},
year={2009},
location={University of Akron},
url={http://www.math.uakron.edu/amc/GeometryLessons.htm},
urldate={2012-04-16},
}

@online{inquiryp,
keywords={Module8},
title={Inquiry Process},
subtitle={Inquiry Page},
url={http://www.cii.illinois.edu/InquiryPage/inquiry/process.html#ask},
urldate={2012-04-13}
}

@online{marshall,
keywords={Module8},
author={J. C. Marshall and B. Horton and D. Llewellyn},
year={2008},
title={EQUIP: Electronic Quality of Inquiry Protocol},
publisher={Clemson University’s Inquiry in Motion Institute},
url={www.clemson.edu/iim},
urldate={2012-04-20}
}

@online{mathopen,
keywords={Module8},
organization={Math Open Reference},
title={Kite},
url={http://www.mathopenref.com/kite.html},
urldate={2012-04-20}
}

@book{moise,
keywords={Module8},
author={Moise and Downs},
year={1984},
location={USA},
publisher={Addison-Wesley Publishing Company}
}

@online{muscogee,
keywords={Module8},
organization={Muscogee Country School District},
title={What is Inquiry-based Learning},
url={http://secondaryinstruction.com/ScienceInquiry.html},
urldate={2012-04-14}
}

@online{ncqa,
keywords={Module8},
organization={National Center for Quality Afterschool},
title={The Five E's Instructional Model},
url={http://www.sedl.org/afterschool/toolkits/science/tk_5Es.html},
urldate={2012-04-16}
}

@online{pdfcloud,
keywords={Module8},
organization={{PDF}Cloud.org},
url={http://pdfcloud.org/pdf/inquiry-resources.html},
urldate={2012-04-20},
}

@online{sgs,
keywords={Module8},
title={Study Guides and Strategies},
subtitle={Problem Based Learning},
url={http://www.studygs.net/pbl.htm},
urldate={2012-04-13}
}

@online{sia,
keywords={Module8},
title={Sum of Interior Angles},
url={http://learningwithalisha.com/products/sum_of_interior_angles_activity.pdf},
urldate={2012-04-18}
}

@online{5eim,
keywords={Module8},
title={The 5E Instructional Model},
url={http://www.nasa.gov/audience/foreducators/nasaeclips/5eteachingmodels/index},
urldate={2012-04-14}
}

@online{7eim,
keywords={Module8},
title={The 7E Instructional Model Used in Active Chemistry},
url={http://www.its-about-time.com/htmls/ac/7e.pdf},
urldate={2012-04-15}
}

@online{onlinepd,
keywords={Module8},
organization={The Online PD},
title={Types of Lesson Plans and Templates},
url={http://theonlinepd.wordpresscom/p-3-lesson-planning/types-of-lesson-plans-and-templates/},
urldate={2012-04-20}
}

@online{uod,
keywords={Module8},
organization={University of Delaware},
title={Problem Based Learning},
url={http://www.udel.edu/inst/},
urldate={2012-04-13}
}

@online{uoh,
keywords={Module8},
organization={University of Houston},
title={5E Lesson Plan},
subtitle={The Geometry of Pentominoes},
url={http://www.teachhouston.uh.edu/TeachHouston_document/lesson_plans1/The_Geometry_of_Pentominoes.html},
urldate={2012-04-20}
}

% Chapter 9

@book{boyd,
keywords={Module9},
author={C. J. Boyd},
title={Geometry},
location={New York, NY},
publisher={Glencoe}
}

@book{smemdp,
keywords={Module9},
author={},
title={High School Mathematics I and II},
volume={2},
year={2001},
location={Quezon City},
publisher={Science and Mathematics Education Manpower Development Project (SMEMDP)}
}

@boook{hoffer,
keywords={Module9},
author={A. R. Hoffer and R. Koss},
year={1996},
title={Focus on Geometry},
location={United States of America},
publisher={Addison--Wesley Publishing Company}
}

@book{tools,
keywords={Module9},
author={L. E. Bass},
title={Tools for Success},
year={1999},
location={Needham, Massachusetts},
publisher={Prentice Hall}
}
